@book{aggarwal_outlier_2017,
	title = {Outlier {Analysis}},
	isbn = {978-3-319-47577-6},
	publisher = {Springer International Publishing},
	author = {Aggarwal, Charu C.},
	year = {2017},
	file = {Aggarwal - 2017 - Outlier Analysis.pdf:/home/etienne/Zotero/storage/839J2X8K/Aggarwal - 2017 - Outlier Analysis.pdf:application/pdf},
}

@inproceedings{murena_solving_2020,
	title = {Solving {Analogies} on {Words} based on {Minimal} {Complexity} {Transformations}},
	booktitle = {International {Joint} {Conference} on {Artificial} {Intelligence}},
	publisher = {IJCAI},
	author = {Murena, Pierre-Alexandre and Al-Ghossein, Marie and Dessalles, Jean-Louis and Cornuéjols, Antoine and {others}},
	year = {2020},
	keywords = {Complexity theory, analogy, transfer learning},
	annote = {Papier de PA et JL sur la résolution d'analogies via la complexité de Kolmogorov.},
}
@article{dessalles2011coincidences,
  title={Coincidences and the encounter problem: A formal account},
  author={Dessalles, Jean-Louis J-L},
  journal={arXiv preprint arXiv:1106.3932},
  year={2011}
}

@article{kolmogorov_three_1965,
	title = {Three approaches to the definition of the concept “quantity of information”},
	volume = {1},
	number = {1},
	journal = {Problemy peredachi informatsii},
	author = {Kolmogorov, Andrei Nikolaevich},
	year = {1965},
	note = {Publisher: Russian Academy of Sciences, Branch of Informatics, Computer Equipment and …},
	keywords = {Complexity theory, Kolmogorov, Complexity},
	pages = {3--11},
	annote = {Original paper of K complexity !
 },
	file = {Kolmogorov - 1965 - Three approaches to the definition of the concept .pdf:/home/etienne/Zotero/storage/FNAL2ZS6/Kolmogorov - 1965 - Three approaches to the definition of the concept .pdf:application/pdf},
}

@book{li_introduction_2008,
	title = {An introduction to {Kolmogorov} complexity and its applications},
	volume = {3},
	publisher = {Springer},
	author = {Li, Ming and Vitányi, Paul and {others}},
	year = {2008},
	file = {(Texts in Computer Science) Ming Li, Paul Vitányi - An Introduction to Kolmogorov Complexity and Its Applications-Springer (2008).pdf:/home/etienne/Zotero/storage/FJJEMQ5A/(Texts in Computer Science) Ming Li, Paul Vitányi - An Introduction to Kolmogorov Complexity and Its Applications-Springer (2008).pdf:application/pdf},
}

@inproceedings{lalanda_self-aware_2017,
	title = {Self-{Aware} {Context} in {Smart} {Home} {Pervasive} {Platforms}},
	doi = {10.1109/ICAC.2017.1},
	booktitle = {2017 {IEEE} {International} {Conference} on {Autonomic} {Computing} ({ICAC})},
	author = {Lalanda, P. and Gerber-Gaillard, E. and Chollet, S.},
	year = {2017},
	pages = {119--124},
	file = {Lalanda et al. - 2017 - Self-Aware Context in Smart Home Pervasive Platfor.pdf:/home/etienne/Zotero/storage/GP8QIH56/Lalanda et al. - 2017 - Self-Aware Context in Smart Home Pervasive Platfor.pdf:application/pdf},
}
